@inproceedings{schulz2015learning,
  title={Learning and decisions in contextual multi-armed bandit tasks},
  author={Schulz, Eric and Konstantinidis, Emmanouil and \& Speekenbrink, Maarten},
  booktitle={Proceedings of the Thirty-Seventh Annual Conference of the Cognitive Science Society},
  year={2015}
}
